@book{mathTabBK,
	author = {W.H.Beyer},
	title={CRC Standard Mathematical Tables},
	edition=28,
	publisher={CRC Press},
	page={464},
	year={1987}
}
@online{mathTab,
author = { Eric W.Weisstein},
title={Hermite-Gauss Quadrature},
publisher = {MathWorld}
	howpublished="Available: \url{http://mathworld.wolfram.com/Hermite-GaussQuadrature.html}",
		note = "[Online; accessed 1-December-2018]",
}

@online{ghMATLABcode,
	title= {Legendre Laguerre and Hermite - Gauss Quadrature},
	author = {Geert Van Damme},
	publisher = {MATLAB Central File Exchange},
	year={2010},
	month={Feb},
	urldate={2018-12-1},
	howpublished="Available: \url{https://www.mathworks.com/matlabcentral/fileexchange/26737 -legendre-laguerre-and-hermite-gauss-quadrature}",
	note = "[Online; accessed 1-December-2018]",
}

@misc{original1905wrightflyeriii, 
	title={Original 1905 Wright Flyer III}, url={http://www.wright-brothers.org/Adventure_Wing/Hangar/Real_McCoy/Real_McCoy.htm}, journal={Original 1905 Wright Flyer III}
}

@misc{afa, 
	title={AFA - Advanced Flying Automobile - Sokol A400}, 
	url={https://www.afaco.com/tele_wing.html}, 
	journal={AFA - Advanced Flying Automobile - Sokol A400 Home Page}, 
	year={2004}, 
	month={Jan}
}



@online{matlabSQP,
	author={mathworks},
	title = {Constrained Nonlinear Optimization Algorithms}.
	year =2018,
	url = {https://www.mathworks.com/help/optim/ug/constrained-nonlinear-optimization-algorithms.html#f26622},
	urldate={2018-09-20}

}


@misc{hoddinottP1,
	author        = {6110},
	title         = {MANE 4280 Project 1},
	month         = {September},
	year          = {2018},
	publisher={Rensselaer Polytechnic Institute}
} 

@misc{hoddinottP2,
	author        = {6110 },
	title         = {MANE 4280 Project 2},
	month         = {October},
	year          = {2018},
	publisher={Rensselaer Polytechnic Institute}
} 


@misc{Hicken18Proj,
	author        = {Jason Hicken},
	title         = {MANE 4280 Project 4 description},
	month         = {November},
	year          = {2018},
	publisher={Rensselaer Polytechnic Institute}
} 

@misc{Hicken18Proj2,
	author        = {Jason Hicken},
	title         = {MANE 4280 Project 2 description},
	month         = {October},
	year          = {2018},
	publisher={Rensselaer Polytechnic Institute}
} 

@misc{Hicken18,
	author        = {Jason Hicken},
	title         = {MANE 4280 Class Notes},
	month         = {December},
	year          = {2018},
	publisher={Rensselaer Polytechnic Institute}
} 


@book{Arora2012,
  title={Introduction to Optimum Design},
  author={J. S. Arora},
  volume={3rd Edition},
  year={2012},
  publisher={Academic Press}
}

@book{pletcher2012computational,
  title={Computational fluid mechanics and heat transfer},
  author={Pletcher, Richard H and Tannehill, John C and Anderson, Dale},
  year={2012},
  publisher={CRC Press}
}
@book{oleson2008oxford,
  title={The Oxford handbook of engineering and technology in the classical world},
  author={Oleson, John Peter},
  year={2008},
  publisher={Oxford University Press}
}

@book{anderson2010fundamentals,
  title={Fundamentals of aerodynamics},
  author={Anderson Jr, John David},
  year={2010},
  publisher={Tata McGraw-Hill Education}
}
