@online{usingMNIST,
howpublished={\url{http://ufldl.stanford.edu/wiki/index.php/Using_the_MNIST_Dataset}},
title={Using the MNIST Dataset},
year = {2011},
month={may}
}
@online{len5,
	howpublished={\url{http://yann.lecun.com/exdb/lenet/}},
	title={LeNet-5, convolutional neural networks},
	author={Yann LeCun},

}
@online{mnistMATLAB2,
howpublished={\url{https://www.mathworks.com/examples/computer-vision/community/36153-deep-learning-for-classification-on-the-mnist-dataset}},
title={Deep learning for classification on the MNIST dataset},
year={2018},
}


@misc{Hicken18gradProjRubric,
	author        = {Jason Hicken},
	title         = {Rubric for MANE 6963 Independent Study},
	month         = {December},
	year          = {2018},
	publisher={Rensselaer Polytechnic Institute}
}

@misc{Hicken18gradProjDes,
	author        = {Jason Hicken},
	title         = {MANE 6963 Independent Study Description},
	month         = {December},
	year          = {2018},
	publisher={Rensselaer Polytechnic Institute}
} 

@misc{Hicken18Notes,
	author        = {Jason Hicken},
	title         = {MANE 4280 Class Notes},
	month         = {December},
	year          = {2018},
	publisher={Rensselaer Polytechnic Institute}
} 


@paper{matlabCodeSource, 
author= {David Stutz},
title={Introduction to Neural Networks},
year={2014},
month={February },
school={RWTH Aachen University}

}
@online{nnDiagramStack,
howpublished={\url{https://tex.stackexchange.com/questions/132444/diagram-of-an-artificial-neural-network}},
title={Diagram of an artificial neural network},
year={2013},
month={September}

}
@online{nnBlog,
howpublished={\url{https://medium.freecodecamp.org/building-a-3-layer-neural-network-from-scratch-99239c4af5d3?fbclid=IwAR1jjh1IsEVdvN0pIeMygzfY2ZG3K-Zata3z_jqlfLtQZKK0X6QEbNZABzw}},
author={Daphne Cornelisse},
year={2018},
month={February},
publisher={freecodecamp}

}
@book{Artificial_Intelligence_Modern_Approach,

	title={Artificial Intelligence
	A Modern Approach}, 
	edition={2},
	publisher={Pearson Education},
	author={Stuart J. Russell, Peter Norvig },
	year={2003}
}

@online{matlabNNBeg,
	howpublished={\url{https://blogs.mathworks.com/loren/2015/08/04/artificial-neural-networks-for-beginners/}},
	title={Artificial Neural Networks for Beginners}, 
	author={Loren Shure},
	year={2015},
	month={August}
}

@paper{humanPerf,
howpublished={\url{https://papers.nips.cc/paper/656-efficient-pattern-recognition-using-a-new-transformation-distance.pdf}},
author={Patrice Simard,Yann Le Cun,John Denker },
title={Efficient Pattern Recognition Using a
New Transformation Distance }
}

@online{mnistDATABASE,
howpublished={\url{http://yann.lecun.com/exdb/mnist/}},
title={THE MNIST DATABASE of handwritten digits}, 
author={Yann LeCun,Corinna Cortes,Christopher J.C. Burges}
}


@paper{deepBig,
title={Deep Big Simple Neural Nets Excel on Handwritten Digit Recognition},
author={Dan Claudiu Ciresan,Ueli Meier,Luca Maria Gambardella,Jurgen Schmidhuber},
howpublished={\url{https://arxiv.org/pdf/1003.0358.pdf}},
year={2010},
month={March}

}
